<record><leader>00000cas a22000007a 4500</leader><controlfield tag="001">9703602</controlfield><controlfield tag="008">830714d18421846nyudn ne      0    0eng d</controlfield><datafield ind1=" " ind2=" " tag="010"><subfield code="a">sn 83030896 </subfield></datafield><datafield ind1=" " ind2=" " tag="040"><subfield code="a">NPU</subfield><subfield code="b">eng</subfield><subfield code="c">NPU</subfield><subfield code="d">NYG</subfield><subfield code="d">DLC</subfield><subfield code="d">NPX</subfield><subfield code="d">NYS</subfield><subfield code="d">OCL</subfield><subfield code="d">OCLCQ</subfield><subfield code="d">OCLCF</subfield><subfield code="d">OCLCO</subfield></datafield><datafield ind1="1" ind2=" " tag="029"><subfield code="a">AU@</subfield><subfield code="b">000025828965</subfield></datafield><datafield ind1=" " ind2=" " tag="042"><subfield code="a">msc</subfield></datafield><datafield ind1=" " ind2=" " tag="043"><subfield code="a">n-us-ny</subfield></datafield><datafield ind1="0" ind2="0" tag="050"><subfield code="a">Newspaper 8833</subfield></datafield><datafield ind1="0" ind2=" " tag="130"><subfield code="a">Daily American citizen (Albany, N.Y.)</subfield></datafield><datafield ind1="1" ind2="0" tag="245"><subfield code="a">Daily American citizen.</subfield></datafield><datafield ind1="1" ind2="3" tag="246"><subfield code="a">American citizen</subfield></datafield><datafield ind1=" " ind2=" " tag="260"><subfield code="a">Albany, N.Y. :</subfield><subfield code="b">Stone &amp; Henly</subfield></datafield><datafield ind1=" " ind2=" " tag="300"><subfield code="a">v. :</subfield><subfield code="b">ill. ;</subfield><subfield code="c">52-59 cm.</subfield></datafield><datafield ind1=" " ind2=" " tag="310"><subfield code="a">Daily (except Sunday)</subfield></datafield><datafield ind1="1" ind2=" " tag="362"><subfield code="a">Began in June 1842.</subfield><subfield code="z">Cf. Gregory, W. Amer. newspapers.</subfield></datafield><datafield ind1="1" ind2=" " tag="362"><subfield code="a">Ceased in Dec. 1846?</subfield><subfield code="z">Cf. Daily evening telegraph (Albany, N.Y.), Dec. 22, 1846.</subfield></datafield><datafield ind1=" " ind2=" " tag="500"><subfield code="a">Editors: James Stanley Smith, &lt;1843&gt;; William Lacy.</subfield></datafield><datafield ind1=" " ind2=" " tag="500"><subfield code="a">"Whig."</subfield></datafield><datafield ind1=" " ind2=" " tag="580"><subfield code="a">Continued by: Albany herald (Albany, N.Y.) (non-extant?). Cf. Daily evening telegraph (Albany, N.Y.), Dec. 22, 1846.</subfield></datafield><datafield ind1=" " ind2=" " tag="588"><subfield code="a">Description based on: Vol. 1, no. 19 (July 6, 1842).</subfield></datafield><datafield ind1=" " ind2="0" tag="651"><subfield code="a">Albany (N.Y.)</subfield><subfield code="v">Newspapers.</subfield></datafield><datafield ind1=" " ind2="7" tag="655"><subfield code="a">Newspapers.</subfield><subfield code="2">fast</subfield><subfield code="0">(OCoLC)fst01423814</subfield></datafield><datafield ind1=" " ind2="7" tag="651"><subfield code="a">New York (State)</subfield><subfield code="z">Albany.</subfield><subfield code="2">fast</subfield><subfield code="0">(OCoLC)fst01225716</subfield></datafield><datafield ind1="1" ind2=" " tag="700"><subfield code="a">Smith, James Stanley.</subfield></datafield><datafield ind1="1" ind2=" " tag="700"><subfield code="a">Lacy, William.</subfield></datafield><datafield ind1=" " ind2=" " tag="752"><subfield code="a">United States</subfield><subfield code="b">New York</subfield><subfield code="c">Albany</subfield><subfield code="d">Albany.</subfield></datafield><datafield ind1="0" ind2=" " tag="775"><subfield code="t">Albany weekly American citizen</subfield><subfield code="w">(OCoLC)17356122</subfield></datafield><datafield ind1="1" ind2="0" tag="785"><subfield code="t">Albany herald (Albany, N.Y.)</subfield></datafield></record>